@book{galdi,
  address = {New York {[u.a.]}},
  author = {Galdi, Giovanni P.},
  edition = {2. ed.},
  hdsurl = {https://hds.hebis.de/ulbda/Record/HEB273356836},
  isbn = {9780387096193},
  keywords = {},
  title = {An introduction to the mathematical theory of the Navier-Stokes equations : steady-state problems},
  uniqueid = {HEB273356836},
  url = {http://scans.hebis.de/HEBCGI/show.pl?27335683_toc.pdf},
  year = 2011
}

@book{haase,
  author = {Haase, Markus},
  hdsurl = {https://hds.hebis.de/ulbda/Record/HEB179153358},
  isbn = {376437697X},
  keywords = {},
  series = {Operator theory},
  title = {The functional calculus for sectorial operators},
  uniqueid = {HEB179153358},
  url = {http://deposit.d-nb.de/cgi-bin/dokserv?id=2789185&prov=M&dok_var=1&dok_ext=htm},
  volume = 169,
  year = 2006
}

