@book{galdi,
  address = {New York {[u.a.]}},
  author = {Galdi, Giovanni P.},
  edition = {2. ed.},
  hdsurl = {https://hds.hebis.de/ulbda/Record/HEB273356836},
  isbn = {9780387096193},
  keywords = {},
  title = {An introduction to the mathematical theory of the Navier-Stokes equations : steady-state problems},
  uniqueid = {HEB273356836},
  url = {http://scans.hebis.de/HEBCGI/show.pl?27335683_toc.pdf},
  year = 2011
}

@book{haase,
  author = {Haase, Markus},
  hdsurl = {https://hds.hebis.de/ulbda/Record/HEB179153358},
  isbn = {376437697X},
  keywords = {},
  series = {Operator theory},
  title = {The functional calculus for sectorial operators},
  uniqueid = {HEB179153358},
  url = {http://deposit.d-nb.de/cgi-bin/dokserv?id=2789185&prov=M&dok_var=1&dok_ext=htm},
  volume = 169,
  year = 2006
}


@article{fabes,
  title = "Boundary Layers on Sobolevâ€“Besov Spaces and Poisson's Equation for the Laplacian in Lipschitz Domains",
  journal = "Journal of Functional Analysis",
  volume = "159",
  number = "2",
  pages = "323 - 368",
  year = "1998",
  note = "",
  issn = "0022-1236",
  doi = "http://dx.doi.org/10.1006/jfan.1998.3316",
  url = "http://www.sciencedirect.com/science/article/pii/S002212369893316X",
  author = "Eugene Fabes and Osvaldo Mendez and Marius Mitrea",
}


@article{shen,
title={Resolvent estimates in $L_p$ for the Stokes operator in Lipschitz domains},
author={Shen, Zhongwei},
journal={Archive for Rational Mechanics and Analysis},
volume={205},
number={2},
pages={395--424},
year={2012},
publisher={Springer}
}

